% Encoding: UTF-8
@Article{vehtari2017loo,
  author    = {Vehtari, Aki and Gelman, Andrew and Gabry, Jonah},
  title     = {Practical {Bayesian} Model Evaluation Using Leave-One-Out Cross-Validation and {WAIC}},
  journal   = {Statistics and Computing},
  year      = {2017},
  volume = {27},
  number = {5},
  pages     = {1413--1432},
  publisher = {Springer},
  url = {http://link.springer.com/article/10.1007/s11222-016-9696-4}
}

@Article{vehtari2017psis,
  author    = {Vehtari, Aki and Gelman, Andrew and Gabry, Jonah},
  title     = {Pareto smoothed importance sampling},
  journal   = {arXiv preprint},
  year      = {2017},
  url       = {https://arxiv.org/abs/1507.02646}
}

@article{gelfand1992,
author = {Gelfand, A and Dey, Dipak and Chang, Hong},
year = {1992},
pages = {147--167},
title = {Model determination using predictive distributions with implementation via sampling-based methods},
volume = {4},
journal = {Bayesian Statistics}
}

@article{hoeting1999,
author = "Hoeting, Jennifer A. and Madigan, David and Raftery, Adrian E. and Volinsky, Chris T.",
doi = "10.1214/ss/1009212519",
fjournal = "Statistical Science",
journal = "Statist. Sci.",
number = "4",
pages = "382--417",
publisher = "The Institute of Mathematical Statistics",
title = "Bayesian model averaging: a tutorial",
url = "https://doi.org/10.1214/ss/1009212519",
volume = "14",
year = "1999"
}

@Manual{loo2018,
  title  = {{\bf loo}: {E}fficient Leave-One-Out Cross-Validation and {WAIC} for {B}ayesian Models.},
  author = {Aki Vehtari and Jonah Gabry and Yuling Yao and Andrew Gelman},
  year   = {2018},
  note   = {R package version 2.0.0},
  url    = {https://mc-stan.org/loo/},
}

@article{vehtari2002,
  title={Bayesian model assessment and comparison using cross-validation predictive densities},
  author={Vehtari, Aki and Lampinen, Jouko},
  journal={Neural computation},
  volume={14},
  number={10},
  pages={2439--2468},
  year={2002},
  publisher={MIT Press}
}

@article{geisser1979,
  title={A predictive approach to model selection},
  author={Geisser, Seymour and Eddy, William F},
  journal={Journal of the American Statistical Association},
  volume={74},
  number={365},
  pages={153--160},
  year={1979},
  publisher={Taylor \& Francis Group}
}

@article{ando2010,
  title={Predictive likelihood for {Bayesian} model selection and averaging},
  author={Ando, Tomohiro and Tsay, Ruey},
  journal={International Journal of Forecasting},
  volume={26},
  number={4},
  pages={744--763},
  year={2010},
  publisher={Elsevier}
}

@article{vehtari2012,
  title={A survey of {Bayesian} predictive methods for model assessment, selection and comparison},
  author={Vehtari, Aki and Ojanen, Janne},
  journal={Statistics Surveys},
  volume={6},
  pages={142--228},
  year={2012}
}

@Article{sundararajan2001,
  author    = {Sundararajan, S. and Keerthi, S. S.},
  title     = {Predictive approaches for choosing hyperparameters in {Gaussian} processes},
  journal   = {Neural Computation},
  year      = {2001},
  volume = {13},
  number = {5},
  pages     = {1103--1118}
}

@Article{vehtari2016,
  author    = {Vehtari, Aki and Mononen, T. and Tolvanen, V. and Sivula, T. and Winther, O.},
  title     = {Bayesian leave-one-out cross-validation approximations for {Gaussian} latent variable models},
  journal   = {Journal of Machine Learning Research},
  year      = {2016},
  volume = {17},
  number = {103},
  pages     = {1--38},
  url = {http://jmlr.org/papers/v17/14-540.html}
}

@article{brms1,
	Author = {Paul-Christian B{\"u}rkner},
	Date-Modified = {2017-10-24 14:19:14 +0000},
	Doi = {10.18637/jss.v080.i01},
	Encoding = {UTF-8},
	Journal = {Journal of Statistical Software},
	Month = {September},
	Number = {1},
	Pages = {1--28},
	Title = {{brms}: An {R} Package for {Bayesian} Multilevel Models Using {Stan}},
	Volume = {80},
	Year = {2017},
	Bdsk-Url-1 = {http://dx.doi.org/10.18637/jss.v080.i01}
}

@Article{carpenter2017,
  author    = {Carpenter, B. and Gelman, A. and Hoffman, M. and Lee, D. and Goodrich, B. and Betancourt, M. and Brubaker, M. A. and Guo, J. and Li, P. and Ridell, A.},
  title     = {Stan: A Probabilistic Programming Language},
  journal   = {Journal of Statistical Software},
  year      = {2017},
  timestamp = {2015.06.19},
}

@Book{anselin1988,
  author = {Anselin, L.},
  year = {1988},
  title = {Spatial econometrics: methods and models},
  publisher = {Dordrecht: Kluwer Academic}
}

@Comment{jabref-meta: databaseType:bibtex;}
