% Encoding: UTF-8
@Article{vehtari2017loo,
  author    = {Vehtari, Aki and Gelman, Andrew and Gabry, Jonah},
  title     = {Practical {Bayesian} Model Evaluation Using Leave-One-Out Cross-Validation and {WAIC}},
  journal   = {Statistics and Computing},
  year      = {2017},
  volume = {27},
  number = {5},
  pages     = {1413--1432},
  publisher = {Springer},
  url = {http://link.springer.com/article/10.1007/s11222-016-9696-4}
}

@Article{vehtari2017psis,
  author    = {Vehtari, Aki and Gelman, Andrew and Gabry, Jonah},
  title     = {Pareto smoothed importance sampling},
  journal   = {arXiv preprint},
  year      = {2017},
  url       = {https://arxiv.org/abs/1507.02646}
}

@inproceedings{rasmussen2003,
  title={Gaussian processes in machine learning},
  author={Rasmussen, Carl Edward},
  booktitle={Summer School on Machine Learning},
  pages={63--71},
  year={2003},
  organization={Springer}
}

@article{gelfand2003,
  title={Proper multivariate conditional autoregressive models for spatial data analysis},
  author={Gelfand, Alan E and Vounatsou, Penelope},
  journal={Biostatistics},
  volume={4},
  number={1},
  pages={11--15},
  year={2003},
  publisher={Oxford University Press}
}

@article{rabiner1986,
  title={An introduction to hidden Markov models},
  author={Rabiner, Lawrence and Juang, B},
  journal={ieee assp magazine},
  volume={3},
  number={1},
  pages={4--16},
  year={1986},
  publisher={IEEE}
}

@article{welch1995,
  title={An introduction to the Kalman filter},
  author={Welch, Greg and Bishop, Gary and others},
  year={1995},
  publisher={Citeseer}
}


@inproceedings{zhang2010,
  title={Multi-task learning using generalized t process},
  author={Zhang, Yu and Yeung, Dit--Yan},
  booktitle={Proceedings of the Thirteenth International Conference on Artificial Intelligence and Statistics},
  pages={964--971},
  year={2010}
}

@inproceedings{xu2011,
  title={Sparse matrix-variate t process blockmodels},
  author={Xu, Zenglin and Yan, Feng and Qi, Yuan},
  booktitle={Twenty-Fifth AAAI Conference on Artificial Intelligence},
  year={2011}
}

@inproceedings{piche2012,
  title={Recursive outlier-robust filtering and smoothing for nonlinear systems using the multivariate Student-t distribution},
  author={Pich{\'e}, Robert and S{\"a}rkk{\"a}, Simo and Hartikainen, Jouni},
  booktitle={2012 IEEE International Workshop on Machine Learning for Signal Processing},
  pages={1--6},
  year={2012},
  organization={IEEE}
}

@article{ohagan1979,
  title={On outlier rejection phenomena in Bayes inference},
  author={O'Hagan, Anthony},
  journal={Journal of the Royal Statistical Society: Series B (Methodological)},
  volume={41},
  number={3},
  pages={358--367},
  year={1979},
  publisher={Wiley Online Library}
}

@article{fernandez1999,
  title={Multivariate Student-t regression models: Pitfalls and inference},
  author={Fern{\'a}ndez, Carmen and Steel, Mark FJ},
  journal={Biometrika},
  volume={86},
  number={1},
  pages={153--167},
  year={1999},
  publisher={Oxford University Press}
}


@article{gelfand1992,
  author = {Gelfand, A and Dey, Dipak and Chang, Hong},
  year = {1992},
  pages = {147--167},
  title = {Model determination using predictive distributions with implementation via sampling-based methods},
  volume = {4},
  journal = {Bayesian Statistics}
}

@article{paananen2019,
  title={Pushing the Limits of Importance Sampling through Iterative Moment Matching},
  author={Paananen, Topi and Piironen, Juho and B{\"u}rkner, Paul-Christian and Vehtari, Aki},
  journal={arXiv preprint arXiv:1906.08850},
  year={2019}
}


@article{schwager1982,
  title={Detection of multivariate normal outliers},
  author={Schwager, Steven J and Margolin, Barry H and others},
  journal={The annals of statistics},
  volume={10},
  number={3},
  pages={943--954},
  year={1982},
  publisher={Institute of Mathematical Statistics}
}

@article{zellner1976,
  title={Bayesian and non-Bayesian analysis of the regression model with multivariate Student-t error terms},
  author={Zellner, Arnold},
  journal={Journal of the American Statistical Association},
  volume={71},
  number={354},
  pages={400--405},
  year={1976},
  publisher={Taylor \& Francis Group}
}

@book{tong2012,
  title={The multivariate normal distribution},
  author={Tong, Yung Liang},
  year={2012},
  publisher={Springer Science \& Business Media}
}

@article{cressie1992,
  title={Statistics for spatial data},
  author={Cressie, Noel},
  journal={Terra Nova},
  volume={4},
  number={5},
  pages={613--617},
  year={1992},
  publisher={Wiley Online Library}
}

@book{haining2003,
  title={Spatial data analysis: theory and practice},
  author={Haining, Robert P and Haining, Robert},
  year={2003},
  publisher={Cambridge university press}
}

@article{hoeting1999,
  author = "Hoeting, Jennifer A. and Madigan, David and Raftery, Adrian E. and Volinsky, Chris T.",
  doi = "10.1214/ss/1009212519",
  fjournal = "Statistical Science",
  journal = "Statist. Sci.",
  number = "4",
  pages = "382--417",
  publisher = "The Institute of Mathematical Statistics",
  title = "Bayesian model averaging: a tutorial",
  url = "https://doi.org/10.1214/ss/1009212519",
  volume = "14",
  year = "1999"
}

@Manual{loo2018,
  title  = {{\bf loo}: {E}fficient Leave-One-Out Cross-Validation and {WAIC} for {B}ayesian Models.},
  author = {Aki Vehtari and Jonah Gabry and Yuling Yao and Andrew Gelman},
  year   = {2018},
  note   = {R package version 2.0.0},
  url    = {https://mc-stan.org/loo/},
}

@article{vehtari2002,
  title={Bayesian model assessment and comparison using cross-validation predictive densities},
  author={Vehtari, Aki and Lampinen, Jouko},
  journal={Neural computation},
  volume={14},
  number={10},
  pages={2439--2468},
  year={2002},
  publisher={MIT Press}
}

@article{geisser1979,
  title={A predictive approach to model selection},
  author={Geisser, Seymour and Eddy, William F},
  journal={Journal of the American Statistical Association},
  volume={74},
  number={365},
  pages={153--160},
  year={1979},
  publisher={Taylor \& Francis Group}
}

@article{ando2010,
  title={Predictive likelihood for {Bayesian} model selection and averaging},
  author={Ando, Tomohiro and Tsay, Ruey},
  journal={International Journal of Forecasting},
  volume={26},
  number={4},
  pages={744--763},
  year={2010},
  publisher={Elsevier}
}

@article{vehtari2012,
  title={A survey of {Bayesian} predictive methods for model assessment, selection and comparison},
  author={Vehtari, Aki and Ojanen, Janne},
  journal={Statistics Surveys},
  volume={6},
  pages={142--228},
  year={2012}
}

@Article{sundararajan2001,
  author    = {Sundararajan, S. and Keerthi, S. S.},
  title     = {Predictive approaches for choosing hyperparameters in {Gaussian} processes},
  journal   = {Neural Computation},
  year      = {2001},
  volume = {13},
  number = {5},
  pages     = {1103--1118}
}

@Article{vehtari2016,
  author    = {Vehtari, Aki and Mononen, T. and Tolvanen, V. and Sivula, T. and Winther, O.},
  title     = {Bayesian leave-one-out cross-validation approximations for {Gaussian} latent variable models},
  journal   = {Journal of Machine Learning Research},
  year      = {2016},
  volume = {17},
  number = {103},
  pages     = {1--38},
  url = {http://jmlr.org/papers/v17/14-540.html}
}

@article{brms1,
	Author = {Paul-Christian B{\"u}rkner},
	Date-Modified = {2017-10-24 14:19:14 +0000},
	Doi = {10.18637/jss.v080.i01},
	Encoding = {UTF-8},
	Journal = {Journal of Statistical Software},
	Month = {September},
	Number = {1},
	Pages = {1--28},
	Title = {{brms}: An {R} Package for {Bayesian} Multilevel Models Using {Stan}},
	Volume = {80},
	Year = {2017},
	Bdsk-Url-1 = {http://dx.doi.org/10.18637/jss.v080.i01}
}

@article{brms2,
	Author = {Paul-Christian B{\"u}rkner},
	Encoding = {UTF-8},
	Journal = {The R Journal},
	Pages = {395--411},
	Title = {Advanced Bayesian Multilevel Modeling with the {R} Package {brms}},
	url = {https://journal.r-project.org/archive/2018/RJ-2018-017},
	Year = {2018},
}

@Article{carpenter2017,
  author    = {Carpenter, B. and Gelman, A. and Hoffman, M. and Lee, D. and Goodrich, B. and Betancourt, M. and Brubaker, M. A. and Guo, J. and Li, P. and Ridell, A.},
  title     = {Stan: A Probabilistic Programming Language},
  journal   = {Journal of Statistical Software},
  year      = {2017},
  timestamp = {2015.06.19},
}

@article{bivand2015,
  title={Comparing implementations of estimation methods for spatial econometrics},
  author={Bivand, Roger and Piras, Gianfranco},
  year={2015},
  journal={Journal of Statistical Software},
  pages = {1--36},
  volume = {63},
  number = {18},
  url = {http://www.jstatsoft.org/v63/i18/}
}

@article{bartlett1951,
  title={An inverse matrix adjustment arising in discriminant analysis},
  author={Bartlett, Maurice S},
  journal={The Annals of Mathematical Statistics},
  volume={22},
  number={1},
  pages={107--111},
  year={1951},
  publisher={JSTOR}
}

@article{sherman1950,
  title={Adjustment of an inverse matrix corresponding to a change in one element of a given matrix},
  author={Sherman, Jack and Morrison, Winifred J},
  journal={The Annals of Mathematical Statistics},
  volume={21},
  number={1},
  pages={124--127},
  year={1950},
  publisher={JSTOR}
}

@article{juarez2016,
  title={Relationship between the Inverses of a Matrix and a Submatrix},
  author={Ju{\'a}rez-Ruiz, E and Cort{\'e}s-Maldonado, R and P{\'e}rez-Rodr{\'\i}guez, F},
  journal={Computaci{\'o}n y Sistemas},
  volume={20},
  number={2},
  pages={251--262},
  year={2016},
  publisher={Centro de Investigaci{\'o}n en Computaci{\'o}n, IPN}
}

@inproceedings{shah2014,
  title={Student-t processes as alternatives to Gaussian processes},
  author={Shah, Amar and Wilson, Andrew and Ghahramani, Zoubin},
  booktitle={Artificial intelligence and statistics},
  pages={877--885},
  year={2014}
}

@Book{anselin1988,
  author = {Anselin, L.},
  year = {1988},
  title = {Spatial econometrics: methods and models},
  publisher = {Dordrecht: Kluwer Academic}
}

@Comment{jabref-meta: databaseType:bibtex;}
