% Encoding: UTF-8
@Article{vehtari2017a,
  author    = {Vehtari, Aki and Gelman, Andrew and Gabry, Jonah},
  title     = {Practical Bayesian Model Evaluation Using Leave-One-Out Cross-Validation and WAIC},
  journal   = {Statistics and Computing},
  year      = {2017},
  volume = {27},
  number = {5},
  pages     = {1413--1432},
  publisher = {Springer},
  url = {http://link.springer.com/article/10.1007/s11222-016-9696-4}
}

@Article{vehtari2017b,
  author    = {Vehtari, Aki and Gelman, Andrew and Gabry, Jonah},
  title     = {Pareto smoothed importance sampling},
  journal   = {arXiv preprint},
  year      = {2017},
  url       = {https://arxiv.org/abs/1507.02646}
}

@article{brms1,
	Author = {Paul-Christian B{\"u}rkner},
	Date-Modified = {2017-10-24 14:19:14 +0000},
	Doi = {10.18637/jss.v080.i01},
	Encoding = {UTF-8},
	Journal = {Journal of Statistical Software},
	Month = {September},
	Number = {1},
	Pages = {1--28},
	Title = {{brms}: An {R} Package for Bayesian Multilevel Models Using {Stan}},
	Volume = {80},
	Year = {2017},
	Bdsk-Url-1 = {http://dx.doi.org/10.18637/jss.v080.i01}
}

@article{brms2,
	Author = {Paul-Christian B{\"u}rkner},
	Encoding = {UTF-8},
	Journal = {arXiv preprint},
	Pages = {1--15},
	Title = {Advanced Bayesian Multilevel Modeling with the R Package {brms}},
	url = {https://arxiv.org/abs/1705.11123},
	Year = {2017},
}

@Manual{loo2016,
  title  = {\pkg{loo}: {E}fficient Leave-One-Out Cross-Validation and {WAIC} for {B}ayesian Models.},
  author = {Aki Vehtari and Andrew Gelman and Jonah Gabry},
  year   = {2016},
  note   = {R package version 1.0.0},
  url    = {https://github.com/stan-dev/loo},
}

@Manual{stan2017,
  title     = {Stan: A C++ Library for Probability and Sampling, Version 2.17.0},
  author    = {{Stan Development Team}},
  year      = {2017},
  owner     = {Paul},
  timestamp = {2015.06.18},
  url       = {http://mc-stan.org/},
}

@Manual{stanM2017,
  title     = {Stan Modeling Language: User's Guide and Reference Manual},
  author    = {{Stan Development Team}},
  year      = {2017},
  owner     = {Paul},
  timestamp = {2015.06.18},
  url       = {http://mc-stan.org/manual.html},
}

@Article{carpenter2017,
  author    = {Carpenter, B. and Gelman, A. and Hoffman, M. and Lee, D. and Goodrich, B. and Betancourt, M. and Brubaker, M. A. and Guo, J. and Li, P. and Ridell, A.},
  title     = {Stan: A Probabilistic Programming Language},
  journal   = {Journal of Statistical Software},
  year      = {2017},
  owner     = {Paul},
  timestamp = {2015.06.19},
}

@Book{anselin1988,
  author = {Anselin, L.},
  year = {1988},
  title = {Spatial econometrics: methods and models}, 
  publisher = {Dordrecht: Kluwer Academic}
}

@Article{sundararajan2001,
  author    = {Sundararajan, S. and Keerthi, S. S.},
  title     = {Predictive approaches for choosing hyperparameters in Gaussian processes},
  journal   = {Neural Computation},
  year      = {2001},
  volume = {13},
  number = {5},
  pages     = {1103--1118}
}

@Article{vehtari2016,
  author    = {Vehtari, Aki and Mononen, T. and Tolvanen, V. and Sivula, T. and Winther, O.},
  title     = {Bayesian leave-one-out cross-validation approximations for Gaussian latent variable models},
  journal   = {Journal of Machine Learning Research},
  year      = {2016},
  volume = {17},
  number = {103},
  pages     = {1--38},
  url = {http://jmlr.org/papers/v17/14-540.html}
}

@book{brockwell2016,
  title={Introduction to time series and forecasting},
  author={Brockwell, Peter J and Davis, Richard A},
  year={2016},
  publisher={springer}
}

@Comment{jabref-meta: databaseType:bibtex;}
